@misc{C,
	title ={Язык программирования C [Электронный ресурс]},
	howpublished = {Режим доступа: \url{https://learn.microsoft.com/ru-ru/cpp/c-language/?view=msvc-170}},
	year = {дата обращения: 12.11.2023}
}


@misc{vscode,
	title ={Vscode [Электронный ресурс]},
	howpublished = {\url{https://code.visualstudio.com/}},
	year = {дата обращения: 12.11.2023}
}


@misc{ubuntu,
	title="Pop OS 22.04 LTS [Электронный ресурс]",
	howpublished="Режим доступа: \url{https://pop.system76.com} (дата обращения: 20.11.2022)"
}

@misc{linux,
	title="Linux -- Документация [Электронный ресурс]",
	howpublished="Режим доступа: \url{https://docs.kernel.org} (дата обращения: 20.11.2022)"
}

@misc{amd,
	title="Процессор AMD® Ryzen 7 2700 eight-core processor × 16  [Электронный ресурс]",
	howpublished="Режим доступа: \url{https://www.amd.com/en/products/cpu/amd-ryzen-7-2700} (дата обращения: 20.11.2022)"
}